<record><leader>00000cas a22000007a 4500</leader><controlfield tag="001">32057918</controlfield><controlfield tag="008">950227d187u19uuokuuu n       0    0eng d</controlfield><datafield ind1=" " ind2=" " tag="010"><subfield code="a">sn 95076047 </subfield></datafield><datafield ind1=" " ind2=" " tag="040"><subfield code="a">OBN</subfield><subfield code="b">eng</subfield><subfield code="c">OBN</subfield><subfield code="d">OCLCQ</subfield><subfield code="d">OCLCO</subfield></datafield><datafield ind1="1" ind2=" " tag="029"><subfield code="a">AU@</subfield><subfield code="b">000011634675</subfield></datafield><datafield ind1=" " ind2=" " tag="042"><subfield code="a">msc</subfield></datafield><datafield ind1=" " ind2=" " tag="043"><subfield code="a">n-us-ok</subfield></datafield><datafield ind1="0" ind2=" " tag="130"><subfield code="a">Choctaw news (Tamaha, Okla.)</subfield></datafield><datafield ind1="1" ind2="0" tag="245"><subfield code="a">Choctaw news.</subfield></datafield><datafield ind1=" " ind2=" " tag="260"><subfield code="a">Chahta-Tamaha, C.N., Okla. :</subfield><subfield code="b">Stone &amp; Thompson</subfield></datafield><datafield ind1=" " ind2=" " tag="300"><subfield code="a">v.</subfield></datafield><datafield ind1=" " ind2=" " tag="588"><subfield code="a">Description based on: Vol. 1, no. 30 (Nov. 10, 1878).</subfield></datafield><datafield ind1=" " ind2="0" tag="651"><subfield code="a">Tamaha (Okla.)</subfield><subfield code="v">Newspapers.</subfield></datafield><datafield ind1=" " ind2="0" tag="651"><subfield code="a">Haskell County (Okla.)</subfield><subfield code="v">Newspapers.</subfield></datafield><datafield ind1=" " ind2="0" tag="651"><subfield code="a">Choctaw Nation (Okla.)</subfield><subfield code="v">Newspapers.</subfield></datafield><datafield ind1=" " ind2=" " tag="752"><subfield code="a">United States</subfield><subfield code="b">Oklahoma</subfield><subfield code="c">Haskell</subfield><subfield code="d">Tamaha.</subfield></datafield></record>